%% This BibTeX bibliography file was created using BibDesk.
%% http://bibdesk.sourceforge.net/


%% Created for Laura Hiatt at 2016-02-02 23:50:49 -0500 


%% Saved with string encoding Unicode (UTF-8) 



@article{scikit,
	Author = {Pedregosa, F. and Varoquaux, G. and Gramfort, A. and Michel, V. and Thirion, B. and Grisel, O. and Blondel, M. and Prettenhofer, P. and Weiss, R. and Dubourg, V. and Vanderplas, J. and Passos, A. and Cournapeau, D. and Brucher, M. and Perrot, M. and Duchesnay, E.},
	Date-Added = {2016-01-29 01:05:39 +0000},
	Date-Modified = {2016-02-03 04:49:47 +0000},
	Journal = {JMLP},
	Pages = {2825-2830},
	Title = {Scikit-learn: Machine Learning in Python},
	Volume = {12},
	Year = {2011}}

@article{datamining,
	Author = {P. Cortez, J. Teixeira, A. Cerdeira, F. Almeida, T. Matos, J. Reis},
	Date-Added = {2016-01-28 20:36:28 +0000},
	Date-Modified = {2016-01-29 03:34:45 +0000},
	Journal = {DBLP},
	Title = {Using Data Mining for Wine Quality Assessment},
	Year = {2009}}

@article{wine,
	Author = {P. Cortez, A. Cerdeira, F. Almeida, T. Matos and J. Reis.},
	Date-Added = {2016-01-28 06:07:47 +0000},
	Date-Modified = {2016-01-28 06:10:27 +0000},
	Journal = {In Decision Support Systems},
	Month = {November},
	Number = {4},
	Pages = {547-553},
	Title = {Modeling wine preferences by data mining from physicochemical properties.},
	Volume = {47},
	Year = {2009}}

@webpage{Overall,
	Date-Added = {2016-01-28 05:03:08 +0000},
	Date-Modified = {2016-01-28 06:29:14 +0000},
	Keywords = {Model Selection Evaluation},
	Lastchecked = {1/27/2014},
	Url = {http://scikit-learn.org/stable/model_selection.html#model-selection},
	Year = {2014},
	Bdsk-Url-1 = {http://scikit-learn.org/stable/model_selection.html#model-selection}}

@webpage{grid,
	Date-Added = {2016-01-28 04:52:08 +0000},
	Date-Modified = {2016-01-28 04:52:33 +0000},
	Keywords = {grid-search},
	Lastchecked = {1/27/16},
	Url = {http://scikit-learn.org/stable/modules/grid_search.html},
	Year = {2014},
	Bdsk-Url-1 = {http://scikit-learn.org/stable/modules/grid_search.html}}

@webpage{fitpic,
	Date-Added = {2016-01-28 04:08:23 +0000},
	Date-Modified = {2016-01-28 04:09:10 +0000},
	Keywords = {Underfitting vs. Overfitting},
	Lastchecked = {1/27/16},
	Url = {http://scikit-learn.org/stable/auto_examples/model_selection/plot_underfitting_overfitting.html},
	Year = {2014},
	Bdsk-Url-1 = {http://scikit-learn.org/stable/auto_examples/model_selection/plot_underfitting_overfitting.html}}

@webpage{ridge,
	Date-Added = {2016-01-28 03:13:57 +0000},
	Date-Modified = {2016-01-28 03:18:06 +0000},
	Keywords = {Generalized Linear Models},
	Lastchecked = {1/27/16},
	Url = {http://scikit-learn.org/stable/modules/linear_model.html#ridge-regression},
	Year = {2014},
	Bdsk-Url-1 = {http://scikit-learn.org/stable/modules/linear_model.html#ridge-regression}}

@book{aima,
	Author = {Russell, Stuart J. and Norvig, Peter},
	Citeulike-Article-Id = {709475},
	Citeulike-Linkout-0 = {http://portal.acm.org/citation.cfm?id=773294},
	Isbn = {0137903952},
	Keywords = {ai, books},
	Posted-At = {2006-08-09 11:54:13},
	Priority = {2},
	Publisher = {Pearson Education},
	Title = {{Artificial Intelligence: A Modern Approach}},
	Url = {http://portal.acm.org/citation.cfm?id=773294},
	Year = {2003},
	Bdsk-Url-1 = {http://portal.acm.org/citation.cfm?id=773294}}

@misc{iocaine,
	Author = {Dan Egnor},
	Howpublished = {\url{http://dan.egnor.name/iocaine.html}},
	Note = {Retrieved on Sept. 3, 2015.},
	Title = {Iocaine Powder},
	Year = {1999}}
